@BOOK{entrepassadofuturo,
author = {ARENDT, H},
  title = {Entre o passado e o futuro},
  subtitle = {},
  edition = {7},
  address = {},
  publisher = {Perspectiva},
  year = {2011},
  note = {}
}

@BOOK{businessintelligence,
author = {VERCELLIS, C},
  title = {Business Intelligence},
  subtitle = {Data Mining and Optimization for Decision Making},
  edition = {},
  address = {},
  publisher = {Wiley},
  year = {2009},
  note = {}
}

@BOOK{datalakeforenterprises,
author = {JOHN, T and MISRA, P},
  title = {Data Lake for Enterprises},
  subtitle = {Lambda Architecture for building enterprise data systems },
  edition = {1},
  address = {},
  publisher = {Packt Publishing},
  year = {2017},
  note = {}
}

@BOOK{bigdataincontext,
author = {HOEREN, T and KOLANY-RAISER, B},
  title = {Big Data in Context},
  subtitle = {Legal, Social and Technological Insights},
  edition = {1},
  address = {},
  publisher = {Springer},
  year = {2017},
  note = {}
}

@BOOK{learningspark,
author = {HOLDEN, K and KONWINSKI, A and WENDELL, P and ZAHARIA, M},
  title = {Learning Spark},
  subtitle = {Lightning-Fast Big Data Analysis},
  edition = {1},
  address = {},
  publisher = {O'Reilly Media},
  year = {2015},
  note = {}
}

@BOOK{thedatawarehousetoolkit,
author = {KIMBALL, R and ROSS, M},
  title = {The Data Warehouse Toolkit},
  subtitle = {The Definitive Guide to Dimensional Modeling},
  edition = {3},
  address = {},
  publisher = {John Wiley & Sons},
  year = {2013},
  note = {}
}

@ARTICLE{declaracoesbolsonaro,
  author = {RIBEIRO, A},
  title = {Bolsonaro dá mais declarações falsas em entrevistas que em textos nas redes sociais},
  journal = {Aos Fatos},
  year = {2020},
  timestamp = {2012.11.12},
  month = {jan},
  address = {São Paulo},
  note = {Disponível em https://aosfatos.org/noticias/bolsonaro-da-mais-declaracoes-falsas-em-entrevistas-que-em-posts-nas-redes-sociais/. Acesso em: 01/03/2020}
}

@ARTICLE{facebookamericananalysis,
  author = {SILVERMAN, C},
  title = {This Analysis Shows How Viral Fake Election News Stories Outperformed Real News On Facebook},
  journal = {BuzzFeed News},
  year = {2016},
  month = {nov},
  address = {Canada},
  note = {Disponível em https://www.buzzfeednews.com/article/craigsilverman/viral-fake-election-news-outperformed-real-news-on-facebook#.etwaV6WDZq. Acesso em: 01/03/2020}
}

@ARTICLE{bigdatafastdatadatalake,
  author = {MILOSLAVSKAYA, N and TOLSTOY, A},
  title = {Big Data, Fast Data and Data Lake Concepts},
  institution = {National Research Nuclear University MEPhI},
  year = {2016},
  address = {Moscow},
  pages={ 300-305}
}

@ARTICLE{cloudcomputing,
  author = {MENASCÉ, D and NGO, P},
  title = {Understanding Cloud Computing},
  subtitle = {Experimentation and Capacity Planning},
  institution = {George Mason University},
  year = {2009},
  address = {Fairfax, VA 22030, USA}
}

@ARTICLE{understandinghypecicles,
  author = {A. Linden and J. Fenn},
  title = {Understanding Gartner's Hype Cycles},
  institution = {Gartner Research},
  year = {2003}
}

@ARTICLE{impactofictonreiforcingcitizens,
  author = {JAFARKARIMI, H and SIM, A and SAADATDOOST, R and HEE, J},
  title = {The Impactof ICT onReinforcing Citizens’ Role in Government Decision Making},
  institution = {International Journal of Emerging Technology and Advanced Engineering},
  year = {2014}
}
